@misc{current,
	author = {{Haomin Kong}},
	title = {{SHMTU_CAS}},
	howpublished = {\url{https://gitee.com/a645162/shmtu-cas}},
	year = {2024},
	note = {Accessed: 2024-02-18}
}

@misc{shmtu_course_latex_template,
	author = {{Haomin Kong}},
	title = {{SHMTU-LaTeX-Course}},
	howpublished = {\url{https://github.com/a645162/SHMTU-LaTeX-Course}},
	year = {2024},
	note = {Accessed: 2024-02-18}
}


@misc{digit_shmtu,
	author = {{Haomin Kong}},
	title = {{Digital-SHMTU-Tools}},
	howpublished = {\url{https://github.com/a645162/Digital-SHMTU-Tools}},
	year = {2024},
	note = {Accessed: 2024-02-18}
}


@misc{pytorch,
	author = {{PyTorch Contributors}},
	title = {{PyTorch: An Open Source Deep Learning Platform}},
	howpublished = {\url{https://pytorch.org/}},
	year = {2024},
	note = {Accessed: 2024-02-18}
}

@misc{jetbrains,
	author = {{Jetbrains}},
	title = {{Jetbrains}},
	howpublished = {\url{https://www.jetbrains.com/}},
	year = {2024},
	note = {Accessed: 2024-02-18}
}

@misc{vs,
	author = {{Microsoft}},
	title = {{Visual Studio}},
	howpublished = {\url{https://visualstudio.microsoft.com/zh-hans/}},
	year = {2024},
	note = {Accessed: 2024-02-18}
}

@misc{texlive,
	author = {{TeX Live}},
	title = {{TeX Live}},
	howpublished = {\url{https://www.tug.org/texlive/}},
	year = {2024},
	note = {Accessed: 2024-02-18}
}

@misc{texstudio,
	author = {{TeXstudio}},
	title = {{TeXstudio}},
	howpublished = {\url{https://www.texstudio.org/}},
	year = {2024},
	note = {Accessed: 2024-02-18}
}

@misc{openvino,
	author = {{OpenVINO}},
	title = {{OpenVINO Toolkit}},
	howpublished = {\url{https://software.intel.com/content/www/us/en/develop/tools/openvino-toolkit.html}},
	year = {2024},
	note = {Accessed: 2024-02-18}
}

@misc{ncnn,
	author = {{NCNN}},
	title = {{NCNN}},
	howpublished = {\url{https://github.com/Tencent/ncnn}},
	year = {2024},
	note = {Accessed: 2024-02-18}
}

@misc{selenium,
	author = {{Selenium}},
	title = {{Selenium}},
	howpublished = {\url{https://www.selenium.dev/}},
	year = {2024},
	note = {Accessed: 2024-02-18}
}

@misc{python,
	author = {{Python Software Foundation}},
	title = {{Python}},
	howpublished = {\url{https://www.python.org/}},
	year = {2024},
	note = {Accessed: 2024-02-18}
}

@misc{opencv,
	author = {{OpenCV}},
	title = {{OpenCV: Open Source Computer Vision Library}},
	howpublished = {\url{https://opencv.org/}},
	year = {2024},
	note = {Accessed: 2024-02-18}
}

@misc{onnx,
	author = {{ONNX}},
	title = {{Open Neural Network Exchange (ONNX)}},
	howpublished = {\url{https://onnx.ai/}},
	year = {2024},
	note = {Accessed: 2024-02-18}
}

@misc{vulkan-sdk,
	author = {{LunarG, Inc.}},
	title = {{Vulkan SDK}},
	howpublished = {\url{https://vulkan.lunarg.com/sdk/home}},
	year = {2024},
	note = {Accessed: 2024-02-18}
}
